@article{google2024,
  author  = {Google Quantum AI and Collaborators},
  title   = {Quantum Error Correction Below the Surface Code Threshold},
  journal = {preprint arXiv:2408.13687},
  year    = {(2024)},
  url     = {https://arxiv.org/abs/2408.13687}
}

@article{bluvstein2024,
  author  = {Dolev Bluvstein and Simon J. Evered and Alexandra A. Geim and Sophie H. Li and Hengyun Zhou and Tom Manovitz and Sepehr Ebadi and Madelyn Cain and Marcin Kalinowski and Dominik Hangleiter and J. Pablo Bonilla Ataides and Nishad Maskara and Iris Cong and Xun Gao and Pedro Sales Rodriguez and Thomas Karolyshyn and Giulia Semeghini and Michael J. Gullans and Markus Greiner and Vladan Vuleti{\'c} and Mikhail D. Lukin},
  title   = {Logical Quantum Processor Based on Reconfigurable Atom Arrays},
  journal = {Nature},
  volume  = {\textbf{626}},
  pages   = {58--62},
  year    = {(2024)},
  doi     = {10.1038/s41586-023-06927-3},
  url     = {https://doi.org/10.1038/s41586-023-06927-3}
}

@article{horsman2012,
  author  = {Dominic Horsman and Austin G. Fowler and Simon Devitt and Rodney Van Meter},
  title   = {Surface code quantum computing by lattice surgery},
  journal = {New J. Phys.},
  volume  = {\textbf{14}},
  pages   = {123011},
  year    = {(2012)},
  doi     = {10.1088/1367-2630/14/12/123011},
  url     = {https://doi.org/10.1088/1367-2630/14/12/123011}
}

@article{litinski2019,
  author  = {Daniel Litinski},
  title   = {Magic State Distillation: Not as Costly as You Think},
  journal = {Quantum},
  volume  = {\textbf{3}},
  pages   = {128},
  year    = {(2019)},
  url     = {https://quantum-journal.org/papers/q-2019-12-02-205/}
}

@article{gidney2024,
  author  = {Craig Gidney and Noah Shutty and Cody Jones},
  title   = {Magic state cultivation: growing T states as cheap as CNOT gates},
  journal = {preprint arXiv:2409.17595},
  year    = {(2024)},
  url     = {https://arxiv.org/abs/2409.17595}
}

@article{cai2023,
  author  = {Zhenyu Cai and Adam Siegel and Simon Benjamin},
  title   = {Looped Pipelines Enabling Effective 3D Qubit Lattices in a Strictly 2D Device},
  journal = {PRX Quantum},
  volume  = {\textbf{4}},
  pages   = {020345},
  year    = {(2023)},
  doi     = {10.1103/PRXQuantum.4.020345},
  url     = {https://doi.org/10.1103/PRXQuantum.4.020345}
}

@book{nielsen2010,
  author    = {Michael A. Nielsen and Isaac L. Chuang},
  title     = {Quantum Computation and Quantum Information},
  edition   = {10th Anniversary Edition},
  publisher = {Cambridge University Press},
  year      = {(2010)},
  address   = {Cambridge, UK},
  url       = {https://www.cambridge.org/9781107002173}
}

@article{devitt2013,
  author  = {Simon J. Devitt and William J. Munro and Kae Nemoto},
  title   = {Quantum Error Correction for Beginners},
  journal = {preprint arXiv:0905.2794},
  year    = {(2013)},
  url     = {https://arxiv.org/abs/0905.2794}
}

@article{gottesman1998,
  author  = {Daniel Gottesman},
  title   = {The Heisenberg Representation of Quantum Computers},
  journal = {preprint arXiv:quant-ph/9807006},
  year    = {(1998)},
  url     = {https://arxiv.org/abs/quant-ph/9807006}
}

@article{steane1996,
  author  = {A. M. Steane},
  title   = {Simple Quantum Error Correcting Codes},
  journal = {preprint arXiv:quant-ph/9605021},
  year    = {(1996)},
  url     = {https://arxiv.org/abs/quant-ph/9605021}
}

@article{litinski2019-2,
  author  = {Daniel Litinski},
  title   = {Magic State Distillation: Not as Costly as You Think},
  journal = {Quantum},
  volume  = {3},
  pages   = {205},
  year    = {(2019)},
  doi     = {10.22331/q-2019-12-02-205},
  url     = {https://quantum-journal.org/papers/q-2019-12-02-205/}
}

@article{reichardt2024,
  author  = {Ben W. Reichardt and Adam Paetznick and David Aasen and Ivan Basov and Juan M. Bello-Rivas and Parsa Bonderson and Rui Chao and Wim van Dam and Matthew B. Hastings and Andres Paz and Marcus P. da Silva and Aarthi Sundaram and Krysta M. Svore and Alexander Vaschillo and Zhenghan Wang and Matt Zanner and William B. Cairncross and Cheng-An Chen and Daniel Crow and Hyosub Kim and Jonathan M. Kindem and Jonathan King and Michael McDonald and Matthew A. Norcia and Albert Ryou and Mark Stone and Laura Wadleigh and Katrina Barnes and Peter Battaglino and Thomas C. Bohdanowicz and Graham Booth and Andrew Brown and Mark O. Brown and Kayleigh Cassella and Robin Coxe and Jeffrey M. Epstein and Max Feldkamp and Christopher Griger and Eli Halperin and Andre Heinz and Frederic Hummel and Matthew Jaffe and Antonia M. W. Jones and Eliot Kapit and Krish Kotru and Joseph Lauigan and Ming Li and Jan Marjanovic and Eli Megidish and Matthew Meredith and Ryan Morshead and Juan A. Muniz and Sandeep Narayanaswami and Ciro Nishiguchi and Timothy Paule and Kelly A. Pawlak and Kristen L. Pudenz and David Rodr\'{i}guez P\'{e}rez and Jon Simon and Aaron Smull and Daniel Stack and Miroslav Urbanek and Ren\'{e} J. M. van de Veerdonk and Zachary Vendeiro and Robert T. Weverka and Thomas Wilkason and Tsung-Yao Wu and Xin Xie and Evan Zalys-Geller and Xiaogang Zhang and Benjamin J. Bloom},
  title   = {Logical Computation Demonstrated with a Neutral Atom Quantum Processor},
  journal = {preprint arXiv:2411.11822},
  year    = {(2024)},
  url     = {https://arxiv.org/abs/2411.11822}
}

@article{bravyi2012,
  author  = {Sergey Bravyi and Robert KoÌˆnig},
  title   = {Classification of Topologically Protected Gates for Local Stabilizer Codes},
  journal = {preprint arXiv:1206.1609},
  year    = {(2012)},
  url     = {https://arxiv.org/abs/1206.1609}
}

