@article{google2024,
  author  = {Google Quantum AI and Collaborators},
  title   = {Quantum Error Correction Below the Surface Code Threshold},
  journal = {arXiv preprint},
  eprint  = {2408.13687},
  year    = {2024},
  url     = {https://arxiv.org/abs/2408.13687}
}

@article{bluvstein2024,
  author  = {Dolev Bluvstein and Simon J. Evered and Alexandra A. Geim and Sophie H. Li and Hengyun Zhou and Tom Manovitz and Sepehr Ebadi and Madelyn Cain and Marcin Kalinowski and Dominik Hangleiter and J. Pablo Bonilla Ataides and Nishad Maskara and Iris Cong and Xun Gao and Pedro Sales Rodriguez and Thomas Karolyshyn and Giulia Semeghini and Michael J. Gullans and Markus Greiner and Vladan Vuleti{\'c} and Mikhail D. Lukin},
  title   = {Logical Quantum Processor Based on Reconfigurable Atom Arrays},
  journal = {Nature},
  volume  = {626},
  pages   = {58--62},
  year    = {2024},
  doi     = {10.1038/s41586-023-06927-3},
  url     = {https://doi.org/10.1038/s41586-023-06927-3}
}

@article{horsman2012,
  author  = {Dominic Horsman and Austin G. Fowler and Simon Devitt and Rodney Van Meter},
  title   = {Surface code quantum computing by lattice surgery},
  journal = {New J. Phys.},
  volume  = {14},
  pages   = {123011},
  year    = {2012},
  doi     = {10.1088/1367-2630/14/12/123011},
  url     = {https://doi.org/10.1088/1367-2630/14/12/123011}
}

@article{litinski2019-12,
  author  = {Daniel Litinski},
  title   = {Magic State Distillation: Not as Costly as You Think},
  journal = {Quantum},
  volume  = {3},
  pages   = {128},
  year    = {2019},
  url     = {https://quantum-journal.org/papers/q-2019-12-02-205/}
}

@article{gidney2024,
  author  = {Craig Gidney and Noah Shutty and Cody Jones},
  title   = {Magic state cultivation: growing T states as cheap as CNOT gates},
  journal = {arXiv preprint},
  eprint  = {2409.17595},
  year    = {2024},
  url     = {https://arxiv.org/abs/2409.17595}
}

@article{cai2023,
  author  = {Zhenyu Cai and Adam Siegel and Simon Benjamin},
  title   = {Looped Pipelines Enabling Effective 3D Qubit Lattices in a Strictly 2D Device},
  journal = {PRX Quantum},
  volume  = {4},
  pages   = {020345},
  year    = {2023},
  doi     = {10.1103/PRXQuantum.4.020345},
  url     = {https://doi.org/10.1103/PRXQuantum.4.020345}
}

@book{nielsen2010,
  author    = {Michael A. Nielsen and Isaac L. Chuang},
  title     = {Quantum Computation and Quantum Information},
  edition   = {10th Anniversary Edition},
  publisher = {Cambridge University Press},
  year      = {2010},
  address   = {Cambridge, UK},
  isbn      = {978-1-107-00217-3},
  url       = {https://www.cambridge.org/9781107002173}
}

@article{devitt2013,
  author  = {Simon J. Devitt and William J. Munro and Kae Nemoto},
  title   = {Quantum Error Correction for Beginners},
  journal = {arXiv preprint},
  eprint  = {0905.2794},
  year    = {2013},
  url     = {https://arxiv.org/abs/0905.2794}
}

@article{gottesman1998,
  author  = {Daniel Gottesman},
  title   = {The Heisenberg Representation of Quantum Computers},
  journal = {arXiv preprint},
  eprint  = {quant-ph/9807006},
  year    = {1998},
  url     = {https://arxiv.org/abs/quant-ph/9807006}
}

@article{steane1996,
  author  = {A. M. Steane},
  title   = {Simple Quantum Error Correcting Codes},
  journal = {arXiv preprint},
  eprint  = {quant-ph/9605021},
  year    = {1996},
  url     = {https://arxiv.org/abs/quant-ph/9605021}
}

@article{kitaev1997,
  author  = {A. Yu. Kitaev},
  title   = {Fault-Tolerant Quantum Computation by Anyons},
  journal = {arXiv preprint},
  eprint  = {quant-ph/9707021},
  year    = {1997},
  url     = {https://arxiv.org/abs/quant-ph/9707021}
}

@article{litinski2019-2,
  author  = {Daniel Litinski},
  title   = {A Game of Surface Codes: Large-Scale Quantum Computing with Lattice Surgery},
  journal = {Quantum},
  volume  = {3},
  pages   = {128},
  year    = {2019},
  url     = {https://quantum-journal.org/papers/q-2019-03-05-128/}
}


@article{lacroix2024,
  author  = {Nathan Lacroix and Alexandre Bourassa and Frederico J. H. Heras and Lingmiao Zhang and Julian Bausch and Anthony W. Senior and Tom Edlich and Noah Shutty and Vadim Sivak and Anton Bengtsson and Matt McEwen and Oscar Higgott and Daniel Kafri and James Claes and Alexis Morvan and Zixuan Chen and Adam Zalcman and Sai Madhuk and Rama Acharya and Lida Aghababaie Beni and Gabriel Aigeldinger and Ricardo Alcaraz and Tobias I. Andersen and Markus Ansmann and Fionn Arute and Kartik Arya and Abhijat Asfaw and Jesus Atalaya and Ryan Babbush and Brian Ballard and Julian C. Bardin and Andreas Bilmes and Stefan Blackwell and James Bovaird and Dalton Bowers and Liam Brill and Matthew Broughton and David A. Browne and Brandon Buchea and Bryan B. Buckley and Thomas Burger and Bradley Burkett and Nathan Bushnell and Alex Cabrera and Juan Campero and Hoi-Shun Chang and Brian Chiaro and Liang-Yu Chih and Andrew Y. Cleland and Julian Cogan and Ray Collins and Peter Conner and William Courtney and Andrew L. Crook and Brock Curtin and Somnath Das and Shota Demura and Lucas De Lorenzo and Alessandro Di Paolo and Paul Donohoe and Ivan Drozdov and Austin Dunsworth and Andreas Eickbusch and Moshe Elbag and Mostafa Elzouka and Colin Erickson and Victor S. Ferreira and Luis Flores Burgos and Erfan Forati and Austin G. Fowler and Benjamin Foxen and Shubham Ganjam and German Garcia and Ruben Gasca and Étienne Genois and Wei Giang and Daniel Gilboa and Rohit Gosula and Adan Grajales Dau and Daniel Graumann and Annaleah Greene and Jared A. Gross and Trung Ha and Steffen Habegger and Michael Hansen and Michael P. Harrigan and Scott D. Harrington and Sean Heslin and Patrick Heu and Raban Hiltermann and Jeff Hilton and Si Hong and Hsiang-Yun Huang and Amy Huff and William J. Huggins and Erik Jeffrey and Zhihui Jiang and Xing Jin and Chaitali Joshi and Peter Juhas and Andreas Kabel and Hyunsoo Kang and Arman H. Karamlou and Timur Khaire and Tanmay Khattar and Mehrdad Khezri and Seungwoo Kim and Pavel V. Klimov and Ben Kobrin and Alexander N. Korotkov and Fabian Kostritsa and J. Mark Kreikebaum and Vladimir D. Kurilovich and David Landhuis and Tarmo Lange-Dei and Benjamin W. Langley and Pavel Laptev and Kai-Man Lau and Joel Ledford and Kevin Lee and Brian J. Lester and Laurent Le Guevel and Wei-Yan Li and Yi Li and Andrew T. Lill and Wesley P. Livingston and Abishek Locharla and Efrain Lucero and Daniel Lundahl and Adam Lunt and Andrew Maloney and Sebastien Mandrà and Liam S. Martin and Olivia Martin and Cameron Maxfield and Jarrod R. McClean and Sienna Meeks and Austin Megrant and Kevin C. Miao and Ramin Molavi and Sandra Molina and Saeed Montazeri and Reza Movassagh and Charles Neill and Matthew Newman and Alex Nguyen and Minh Nguyen and Chung-Han Ni and Ming-Yuan Niu and Lorenzo Oas and William D. Oliver and Rajeev Orosco and Krister Ottosson and Andrew Pizzuto and Ryan Potter and Oliver Pritchard and Cody Quintana and Ganapati Ramachandran and Michael J. Reagor and Reuven Resnick and David M. Rhodes and George Roberts and Eric Rosenberg and Ethan Rosenfeld and Ettore Rossi and Pierre Roushan and Kanagavel Sankaragomathi and Hans F. Schurkus and Michael J. Shearn and Ashley Shorter and Vlad Shvarts and Steven Small and William Clarke Smith and Scott Springer and Glen Sterling and Joshua Suchard and Attila Szasz and Adi Sztein and Daniel Thor and Edward Tomita and Aldo Torres and Mustafa Mert Torunbalci and Anant Vaishnav and Jorge Vargas and Sergey Vdovichev and Gerardo Vidal and Claire Vollgraff Heidweiller and Shaun Waltman and Jillian Waltz and Shuo Xiang Wang and Benjamin Ware and Travis Weidel and Trevor White and Kelvin Wong and Billy W. K. Woo and Matthew Woodson and Chingxing Xing and Z. Jamie Yao and Po-Yen Yeh and Bo Ying and Jong Ho Yoo and Noelle Yosri and Gavin Young and Yang Zhang and Nan Zhu and Nick Zobrist and Hartmut Neven and Pushmeet Kohli and Anthony Davies and Sergio Boixo and Julian Kelly and Craig Jones and Craig Gidney and Kevin J. Satzinger},
  title   = {Scaling and Logic in the Color Code on a Superconducting Quantum Processor},
  journal = {arXiv preprint},
  eprint  = {2412.14256},
  year    = {2024},
  url     = {https://arxiv.org/abs/2412.14256}
}
