@article{fowler2012,
  author = {A. G. Fowler and M. Mariantoni and J. M. Martinis and A. N. Cleland},
  journal = {Phys. Rev. A},
  volume = {86},
  pages = {\href{https://journals.aps.org/pra/abstract/10.1103/PhysRevA.86.032324}{032324 (2012)}},
  year = {2012},
}

@article{horsman2012,
  author = {C. Horsman and A. G. Fowler and S. Devitt and R. Van Meter},
  journal = {New J. Phys.},
  volume = {14},
  number = {\href{https://iopscience.iop.org/article/10.1088/1367-2630/14/12/123011}{123011 (2012)}},
  year = {2012}
}

@article{cai2023,
  author  = {Z. Cai and A. Siegel and S. Benjamin},
  journal = {PRX Quantum},
  volume  = {4},
  pages   = {\href{https://doi.org/10.1103/PRXQuantum.4.020345}{020345 (2023)}},
  year    = {2023}
}

@article{viszlai2023,
  author  = {J. Viszlai and S. F. Lin and S. Dangwal and J. M. Baker and F. T. Chong},
  journal = {arXiv preprint},
  number = {\href{https://arxiv.org/abs/2309.13507}{ arXiv:2309.13507 (2023)}},
}

@article{duckering2020,
  author  = {C. Duckering and J. M. Baker and D. I. Schuster and F. T. Chong},
  journal = {arXiv preprint},
  number  = {\href{https://arxiv.org/abs/2009.01982}{arXiv:2009.01982 (2020)}},
}

@article{litinski2019game,
  author  = {D. Litinski},
  journal = {Quantum},
  volume  = {3},
  pages   = {\href{http://quantum-journal.org/papers/q-2019-03-05-128/}{128 (2019-03)}}
}

@article{litinski2019magic,
  author  = {D. Litinski},
  journal = {Quantum},
  volume  = {3},
  pages   = {\href{https://quantum-journal.org/papers/q-2019-12-02-205/}{128 (2019-12)}}
}
