@article{fowler2012,
  author = {A. G. Fowler and M. Mariantoni and J. M. Martinis and A. N. Cleland},
  journal = {Phys. Rev. A},
  volume = {86},
  pages = {\href{https://journals.aps.org/pra/abstract/10.1103/PhysRevA.86.032324}{032324 (2012)}},
  year = {2012},
}

@article{horsman2012,
  author = {C. Horsman and A. G. Fowler and S. Devitt and R. Van Meter},
  journal = {New J. Phys.},
  volume = {14},
  number = {\href{https://iopscience.iop.org/article/10.1088/1367-2630/14/12/123011}{123011 (2012)}},
  year = {2012}
}

@article{cai2023,
  author  = {Z. Cai and A. Siegel and S. Benjamin},
  journal = {PRX Quantum},
  volume  = {4},
  pages   = {\href{https://doi.org/10.1103/PRXQuantum.4.020345}{020345 (2023)}},
  year    = {2023}
}

@article{viszlai2023,
  author  = {J. Viszlai and S. F. Lin and S. Dangwal and J. M. Baker and F. T. Chong},
  journal = {arXiv preprint},
  number = {\href{https://arxiv.org/abs/2309.13507}{ arXiv:2309.13507 (2023)}},
}

@article{duckering2020,
  author  = {C. Duckering and J. M. Baker and D. I. Schuster and F. T. Chong},
  journal = {arXiv preprint},
  number  = {\href{https://arxiv.org/abs/2009.01982}{arXiv:2009.01982 (2020)}},
}

@article{litinski2019game,
  author  = {D. Litinski},
  journal = {Quantum},
  volume  = {3},
  pages   = {\href{http://quantum-journal.org/papers/q-2019-03-05-128/}{128 (2019-03)}}
}

@article{litinski2019magic,
  author  = {D. Litinski},
  journal = {Quantum},
  volume  = {3},
  pages   = {\href{https://quantum-journal.org/papers/q-2019-12-02-205/}{128 (2019-12)}}
}

@article{kesselring2024,
  author  = {Markus S. Kesselring and Julio C. Magdalena de la Fuente and Felix Thomsen and Jens Eisert and Stephen D. Bartlett and Benjamin J. Brown},
  title   = {Anyon Condensation and the Color Code},
  journal = {PRX Quantum},
  volume  = {5},
  pages   = {010342},
  year    = {2024},
  doi     = {10.1103/PRXQuantum.5.010342},
  url     = {https://doi.org/10.1103/PRXQuantum.5.010342}
}

@article{kesselring2018,
  author  = {Markus S. Kesselring and Fernando Pastawski and Jens Eisert and Benjamin J. Brown},
  title   = {The boundaries and twist defects of the color code and their applications to topological quantum computation},
  journal = {Quantum},
  volume  = {3},
  pages   = {128},
  year    = {2018},
  url     = {https://quantum-journal.org/papers/q-2018-10-19-101/}
}

@article{kubica2015,
  author  = {Aleksander Kubica and Beni Yoshida and Fernando Pastawski},
  title   = {Unfolding the color code},
  journal = {arXiv preprint},
  eprint  = {1503.02065},
  year    = {2015},
  url     = {https://arxiv.org/abs/1503.02065}
}

@article{gidney2024,
  author  = {Craig Gidney and Noah Shutty and Cody Jones},
  title   = {Magic state cultivation: growing T states as cheap as CNOT gates},
  journal = {arXiv preprint},
  eprint  = {2409.17595},
  year    = {2024},
  url     = {https://arxiv.org/abs/2409.17595}
}

@article{bravyi2015,
  author  = {Sergey Bravyi and Andrew Cross},
  title   = {Doubled Color Codes},
  journal = {arXiv preprint},
  eprint  = {1509.03239},
  year    = {2015},
  url     = {https://arxiv.org/abs/1509.03239}
}

@article{fu2024,
  author  = {Xiaozhen Fu and Daniel Gottesman},
  title   = {Error Correction in Dynamical Codes},
  journal = {arXiv preprint},
  eprint  = {2403.04163},
  year    = {2024},
  url     = {https://arxiv.org/abs/2403.04163}
}

@article{fowler2019,
  author  = {Austin G. Fowler and Craig Gidney},
  title   = {Low overhead quantum computation using lattice surgery},
  journal = {arXiv preprint},
  eprint  = {1908.06709},
  year    = {2019},
  url     = {https://arxiv.org/abs/1908.06709}
}
